@article{Brunk2023,
  title = {Stability and discretization error analysis for the Cahn-Hilliard system via relative energy estimates},
  volume = {57},
  ISSN = {2804-7214},
  url = {http://dx.doi.org/10.1051/m2an/2023017},
  DOI = {10.1051/m2an/2023017},
  number = {3},
  journal = {ESAIM: Mathematical Modelling and Numerical Analysis},
  publisher = {EDP Sciences},
  author = {Brunk,  Aaron and Egger,  Herbert and Habrich,  Oliver and Lukáčová-Medviďová,  Mária},
  year = {2023},
  month = may,
  pages = {1297-1322}
}

@misc{wikipediaCahnHilliardEquation,
	author = {},
	title = {{C}ahn-{H}illiard equation - {W}ikipedia --- en.wikipedia.org},
	howpublished = {\url{https://en.wikipedia.org/wiki/Cahn%E2%80%93Hilliard_equation}},
	year = {},
	note = {[Accessed 22-09-2024]},
}